@inproceedings{Bayou,
 author = {Terry, D. B. and Theimer, M. M. and Petersen, Karin and Demers, A. J. and Spreitzer, M. J. and Hauser, C. H.},
 title = {Managing Update Conflicts in Bayou, a Weakly Connected Replicated Storage System},
 booktitle = {Proceedings of the Fifteenth ACM Symposium on Operating Systems Principles},
 series = {SOSP '95},
 year = {1995},
 isbn = {0-89791-715-4},
 location = {Copper Mountain, Colorado, USA},
 pages = {172--182},
 numpages = {11},
 url = {http://doi.acm.org/10.1145/224056.224070},
 doi = {10.1145/224056.224070},
 acmid = {224070},
 publisher = {ACM},
 address = {New York, NY, USA},
}

@inproceedings{BigTable,
 author = {Chang, Fay and Dean, Jeffrey and Ghemawat, Sanjay and Hsieh, Wilson C. and Wallach, Deborah A. and Burrows, Mike and Chandra, Tushar and Fikes, Andrew and Gruber, Robert E.},
 title = {Bigtable: A Distributed Storage System for Structured Data},
 booktitle = {Proceedings of the 7th USENIX Symposium on Operating Systems Design and Implementation - Volume 7},
 series = {OSDI '06},
 year = {2006},
 location = {Seattle, WA},
 pages = {15--15},
 numpages = {1},
 url = {http://dl.acm.org/citation.cfm?id=1267308.1267323},
 acmid = {1267323},
 publisher = {USENIX Association},
 address = {Berkeley, CA, USA},
}

@inproceedings{Walter,
	author = {Sovran, Yair and Power, Russell and Aguilera, Marcos K. and Li, Jinyang},
	title = {{Transactional Storage for Geo-replicated Systems}},
	booktitle = {{Proceedings of the Twenty-Third ACM Symposium on Operating Systems Principles}},
	series = {SOSP '11},
	year = {2011},
	isbn = {978-1-4503-0977-6},
	location = {Cascais, Portugal},
	pages = {385--400},
	numpages = {16},
	doi = {10.1145/2043556.2043592},
	acmid = {2043592},
	publisher = {ACM},
	address = {New York, NY, USA},
	keywords = {asynchronous replication, distributed storage, geo-distributed systems, key-value store, parallel snapshot isolation, transactions},
}

@inproceedings{Berenson95,
	author = {Berenson, Hal and Bernstein, Phil and Gray, Jim and Melton, Jim and O'Neil, Elizabeth and O'Neil, Patrick},
	title = {{A Critique of ANSI SQL Isolation Levels}},
	booktitle = {{Proceedings of the 1995 ACM SIGMOD International Conference on Management of Data}},
	series = {SIGMOD '95},
	year = {1995},
	isbn = {0-89791-731-6},
	location = {San Jose, California, USA},
	pages = {1--10},
	numpages = {10},
	doi = {10.1145/223784.223785},
	acmid = {223785},
	publisher = {ACM},
	address = {New York, NY, USA},
}

@inproceedings{BoltOn,
	author = {Bailis, Peter and Ghodsi, Ali and Hellerstein, Joseph M. and Stoica, Ion},
	title = {{Bolt-on Causal Consistency}},
	booktitle = {{Proceedings of the 2013 ACM SIGMOD International Conference on Management of Data}},
	series = {SIGMOD '13},
	year = {2013},
	isbn = {978-1-4503-2037-5},
	location = {New York, New York, USA},
	pages = {761--772},
	numpages = {12},
	doi = {10.1145/2463676.2465279},
	acmid = {2465279},
	publisher = {ACM},
	address = {New York, NY, USA},
	keywords = {causal consistency, eventual consistency, separation of concerns},
}

@misc{Z3,
	key = {Z3},
	title={{High-performance Theorem Prover}},
	url = {http://z3.codeplex.com/},
	note = {Accessed: 2014-11-4 13:21:00},
	year = {2014}

}

@misc{RUBiS,
	key = {RUBiS},
	title={{Rice University Bidding System}},
	url = {http://rubis.ow2.org/},
	note = {Accessed: 2014-11-4 13:21:00},
	year = {2014}

}

@misc{Twissandra,
	key = {Twissandra},
	title={{Twitter clone on Cassandra}},
	url = {http://twissandra.com/},
	note = {Accessed: 2014-11-4 13:21:00},
	year = {2014}
}

@inproceedings{YCSB,
	author = {Cooper, Brian F. and Silberstein, Adam and Tam, Erwin and Ramakrishnan, Raghu and Sears, Russell},
	title = {{Benchmarking Cloud Serving Systems with YCSB}},
	booktitle = {{Proceedings of the 1st ACM Symposium on Cloud Computing}},
	series = {SoCC '10},
	year = {2010},
	isbn = {978-1-4503-0036-0},
	location = {Indianapolis, Indiana, USA},
	pages = {143--154},
	numpages = {12},
	doi = {10.1145/1807128.1807152},
	acmid = {1807152},
	publisher = {ACM},
	address = {New York, NY, USA},
	keywords = {benchmarking, cloud serving database},
}


@inproceedings{Burckhardt2012,
	author = {Burckhardt, Sebastian and Leijen, Daan and F\"{a}hndrich, Manuel and Sagiv, Mooly},
	title = {{Eventually Consistent Transactions}},
	booktitle = {{Proceedings of the 21st European Conference on Programming Languages and Systems}},
	series = {ESOP'12},
	year = {2012},
	isbn = {978-3-642-28868-5},
	location = {Tallinn, Estonia},
	pages = {67--86},
	numpages = {20},
	doi = {10.1007/978-3-642-28869-2_4},
	acmid = {2259252},
	publisher = {Springer-Verlag},
	address = {Berlin, Heidelberg},
}

@article{Cassandra,
	author = {Lakshman, Avinash and Malik, Prashant},
	title = {{Cassandra: A Decentralized Structured Storage System}},
	journal = {{SIGOPS Operating Systems Review}},
	issue_date = {April 2010},
	volume = {44},
	number = {2},
	month = apr,
	year = {2010},
	issn = {0163-5980},
	pages = {35--40},
	numpages = {6},
	doi = {10.1145/1773912.1773922},
	acmid = {1773922},
	publisher = {ACM},
	address = {New York, NY, USA},
}

@inproceedings{Burckhardt2014,
	author = {Burckhardt, Sebastian and Gotsman, Alexey and Yang, Hongseok and Zawirski, Marek},
	title = {{Replicated Data Types: Specification, Verification, Optimality}},
	booktitle = {{Proceedings of the 41st ACM SIGPLAN-SIGACT Symposium on Principles of Programming Languages}},
	series = {POPL '14},
	year = {2014},
	isbn = {978-1-4503-2544-8},
	location = {San Diego, California, USA},
	pages = {271--284},
	numpages = {14},
	doi = {10.1145/2535838.2535848},
	acmid = {2535848},
	publisher = {ACM},
	address = {New York, NY, USA},
	keywords = {eventual consistency, replication, weak memory},
}

@article{BailisHAT,
	author = {Peter Bailis and Aaron Davidson and Alan Fekete and Ali Ghodsi and Joseph M. Hellerstein and Ion Stoica},
	title     = {{Highly Available Transactions: Virtues and Limitations}},
	journal   = {PVLDB},
	volume    = {7},
	number    = {3},
	year      = {2013},
	pages     = {181-192},
	ee        = {http://www.vldb.org/pvldb/vol7/p181-bailis.pdf},
	bibsource = {DBLP, http://dblp.uni-trier.de}
}

@inproceedings{Session,
	author = {Terry, Douglas B. and Demers, Alan J. and Petersen, Karin and Spreitzer, Mike and Theimer, Marvin and Welch, Brent W.},
	title = {{Session Guarantees for Weakly Consistent Replicated Data}},
	booktitle = {{Proceedings of the Third International Conference on Parallel and Distributed Information Systems}},
	series = {PDIS '94},
	year = {1994},
	isbn = {0-8186-6400-2},
	pages = {140--149},
	numpages = {10},
	url = {http://dl.acm.org/citation.cfm?id=645792.668302},
	acmid = {668302},
	publisher = {IEEE Computer Society},
	address = {Washington, DC, USA},
}

@techreport{techrep,
  author = {{KC Sivaramakrishnan} and Gowtham Kaki and Suresh Jagannathan},
  title = {{Declarative Programming over Eventually Consistent Data
          Store}},
  institution = {Purdue University},
  number = {TR-15-002},
  url = {http://docs.lib.purdue.edu/cstech/1776/},
  year = 2015
}

@inproceedings{Dynamo,
	author = {DeCandia, Giuseppe and Hastorun, Deniz and Jampani, Madan and Kakulapati, Gunavardhan and Lakshman, Avinash and Pilchin, Alex and Sivasubramanian, Swaminathan and Vosshall, Peter and Vogels, Werner},
	title = {{Dynamo: Amazon's Highly Available Key-value Store}},
	booktitle = {{Proceedings of Twenty-first ACM SIGOPS Symposium on Operating Systems Principles}},
	series = {SOSP '07},
	year = {2007},
	isbn = {978-1-59593-591-5},
	location = {Stevenson, Washington, USA},
	pages = {205--220},
	numpages = {16},
	doi = {10.1145/1294261.1294281},
	acmid = {1294281},
	publisher = {ACM},
	address = {New York, NY, USA},
	keywords = {performance, reliability, scalability},
}

@inproceedings{RedBlue,
	author = {Li, Cheng and Porto, Daniel and Clement, Allen and Gehrke, Johannes and Pregui\c{c}a, Nuno and Rodrigues, Rodrigo},
	title = {{Making Geo-replicated Systems Fast As Possible, Consistent when Necessary}},
	booktitle = {{Proceedings of the 10th USENIX Conference on Operating Systems Design and Implementation}},
	series = {OSDI'12},
	year = {2012},
	isbn = {978-1-931971-96-6},
	location = {Hollywood, CA, USA},
	pages = {265--278},
	numpages = {14},
	url = {http://dl.acm.org/citation.cfm?id=2387880.2387906},
	acmid = {2387906},
	publisher = {USENIX Association},
	address = {Berkeley, CA, USA},
}

@inproceedings{pldi15,
 author = {Sivaramakrishnan, KC and Kaki, Gowtham and Jagannathan, Suresh},
 title = {Declarative Programming over Eventually Consistent Data Stores},
 booktitle = {Proceedings of the 36th ACM SIGPLAN Conference on Programming Language Design and Implementation},
 series = {PLDI 2015},
 year = {2015},
 isbn = {978-1-4503-3468-6},
 location = {Portland, OR, USA},
 pages = {413--424},
 numpages = {12},
 url = {http://doi.acm.org/10.1145/2737924.2737981},
 doi = {10.1145/2737924.2737981},
 acmid = {2737981},
 publisher = {ACM},
 address = {New York, NY, USA},
 keywords = {Availability, Axiomatic Contracts, CRDTs, Cassandra, Contract Classification, Decidable Logic, Distributed Transactions, Eventual Consistency, Haskell, Quelea, SMT solvers},
}

